@online{tflapi,
    author = "Transport For London",
    title = "AccidentStats API Documentation Page",
    url  = "https://api-portal.tfl.gov.uk/api-details#api=AccidentStats&operation=AccidentStats_Get",
    addendum = "(accessed: 17.03.2022)",
    keywords = "TFL,API"
}
@online{osmwikipage,
    author = "Open Street Map Wiki",
    title = "Open Street Map Wiki Elements Page",
    url  = "https://wiki.openstreetmap.org/wiki/Elements",
    addendum = "(accessed: 17.03.2022)",
    keywords = "OSM,WIKI"
}
@online{dom4jsite,
    author = "dom4j",
    title = "dom4j documentation site",
    url="https://dom4j.github.io"
}
@online{geofabrik,
    author = "geofabrik",
    title = "Open Street Map mirror",
    url="https://download.geofabrik.de"
}
@online{geojsonsource,
    author = "skgrange",
    title = "GeoJSON download site",
    url="https://skgrange.github.io/data.html"
}
