@article{Geisberger2012,
  doi = {10.1287/trsc.1110.0401},
  url = {https://doi.org/10.1287/trsc.1110.0401},
  year = {2012},
  month = aug,
  publisher = {Institute for Operations Research and the Management Sciences ({INFORMS})},
  volume = {46},
  number = {3},
  pages = {388--404},
  author = {Robert Geisberger and Peter Sanders and Dominik Schultes and Christian Vetter},
  title = {Exact Routing in Large Road Networks Using Contraction Hierarchies},
  journal = {Transportation Science}
}